<?xml version="1.0" encoding="UTF-8"?><record xmlns="http://www.loc.gov/MARC21/slim" xmlns:cinclude="http://apache.org/cocoon/include/1.0" xmlns:zs="http://www.loc.gov/zing/srw/">
  <leader>00720nz  a2200169n  4500</leader>
  <controlfield tag="001">n 2012183343</controlfield>
  <controlfield tag="003">DLC</controlfield>
  <controlfield tag="005">20120407074932.0</controlfield>
  <controlfield tag="008">120406n| acannaabn          |a ana      </controlfield>
  <datafield tag="010" ind1=" " ind2=" ">
    <subfield code="a">n 2012183343</subfield>
  </datafield>
  <datafield tag="035" ind1=" " ind2=" ">
    <subfield code="a">(DNLM)1529395</subfield>
  </datafield>
  <datafield tag="040" ind1=" " ind2=" ">
    <subfield code="a">DNLM</subfield>
    <subfield code="b">eng</subfield>
    <subfield code="c">DNLM</subfield>
  </datafield>
  <datafield tag="046" ind1=" " ind2=" ">
    <subfield code="s">2003</subfield>
  </datafield>
  <datafield tag="110" ind1="2" ind2=" ">
    <subfield code="a">Sri Lanka College of Psychiatrists</subfield>
  </datafield>
  <datafield tag="410" ind1="2" ind2=" ">
    <subfield code="a">SLCP</subfield>
  </datafield>
  <datafield tag="670" ind1=" " ind2=" ">
    <subfield code="a">Sri Lanka journal of psychiatry, Dec. 2010, Apr. 2, 2012:</subfield>
    <subfield code="b">graphic cover of  Dec. (2010) (Official Publication of the Sri Lanka College of Psychiatrists)</subfield>
  </datafield>
  <datafield tag="670" ind1=" " ind2=" ">
    <subfield code="a">Sri Lanka College of Psychiatrists WWW home page, Apr. 2, 2012:</subfield>
    <subfield code="b">about us history (Sri Lanka College of Psychiatrists succeded Sri Lanka Psychiatric Association [no publs in NLM and LC] in 2003; SLCP)</subfield>
  </datafield>
</record>